@BOOK{diekma2000,
author = {Andreas Diekmann},
title = {{Empirische Sozialforschung. Grundlagen, Methoden, Anwendungen}},
edition = {{fifth}},
year = {1999},
publisher = {Rowohlts Enzyklopaedie},
address = {Reinbeck bei Hamburg}
}


@ARTICLE{reips2002,
author = {Ulf-Dietrich Reips},
title = {{Standards for Internet-Based Experimenting}},
journal = {{Experimental Psychology}},
year = {2002},
number = {4},
volume = {1},
pages = {243--256}
}


@Misc{couper2001,
author = {Mick P. Couper},
title = {{Web Survey Research: Challenges and Opportunities}},
howpublished = {Proceedings of the Annual Meeting of the American Statistical Association},
month = {August},
year = {2001}
}


@misc{website,
  TITLE        = {Titel der Website},
  HOWPUBLISHED = {Website},
  URL          = {http://www.musterseite.de},
  Urldate      = {2017-07-11},
  NOTE = {(Abgerufen am: 2017-07-11)}
}



@BOOKLET{lock:04,
    key = "Lockheed",
    editor = "{Lockheed Martin Corporation}",
    title = "Corporate Value Statement",
    month = "",
    year = 2004,
    url = "http://www.lockheedmartin.com/wms/findPage.do",
    lastchecked = "5.Okt. 2004",
    note = "Einstiegsseite zum Unternehmensleitbild",
}


@TECHREPORT{dillma1998,
author = {Don A. Dillman and R. Tortora  and D. Bowker},
title = {{Principles for Constructing Web Surveys}},
institution = {SESRC},
type = {Technical Report},
year = {1998}
}


@misc{einfacher_link,
  author       = {Vorname Nachname},
  title        = {Titel der Webseite},
  howpublished = {\url{https://www.beispielseite.de}},
  year         = {2024},
  note         = {Zugriff am 15. November 2024}
}









